@INBOOK{davies-2011,
    author = "Davies T. W.",
    title  = "BIOT NUMBER",
    month  = "feb",
    year   = "2011",
    url    = "httpwww.thermopedia.comcontent585"
}
@book{cengel-2002,
  Author = {Yunus A. Cengel},
  Title = {Heat Transfer: A Practical Approach},
  Publisher = {Mcgraw-Hill (Tx)},
  Year = {2002},
  ISBN = {0072458933},
  URL = {https://www.amazon.com/Heat-Transfer-Practical-Yunus-Cengel/dp/0072458933?SubscriptionId=0JYN1NVW651KCA56C102&tag=techkie-20&linkCode=xm2&camp=2025&creative=165953&creativeASIN=0072458933}
}